
@ARTICLE{1933AcHPh...6..110Z,
       author = {{Zwicky}, F.},
        title = "{Die Rotverschiebung von extragalaktischen Nebeln}",
      journal = {Helvetica Physica Acta},
         year = 1933,
        month = jan,
       volume = {6},
        pages = {110-127},
       adsurl = {https://ui.adsabs.harvard.edu/abs/1933AcHPh...6..110Z},
      adsnote = {Provided by the SAO/NASA Astrophysics Data System}
}


@ARTICLE{1970ApJ...159..379R,
       author = {{Rubin}, Vera C. and {Ford}, W. Kent, Jr.},
        title = "{Rotation of the Andromeda Nebula from a Spectroscopic Survey of Emission Regions}",
      journal = {\apj},
         year = 1970,
        month = feb,
       volume = {159},
        pages = {379},
          doi = {10.1086/150317},
       adsurl = {https://ui.adsabs.harvard.edu/abs/1970ApJ...159..379R},
      adsnote = {Provided by the SAO/NASA Astrophysics Data System}
}



@ARTICLE{1978MNRAS.183..341W,
       author = {{White}, S.~D.~M. and {Rees}, M.~J.},
        title = "{Core condensation in heavy halos: a two-stage theory for galaxy formation and clustering.}",
      journal = {\mnras},
     keywords = {Astronomical Models, Galactic Clusters, Galactic Evolution, Galactic Nuclei, Gravitational Effects, Halos, Critical Mass, Dark Matter, Dynamic Models, Interstellar Gas, Luminosity, Many Body Problem, Red Shift, Astrophysics, Formation:Galaxies},
         year = 1978,
        month = may,
       volume = {183},
        pages = {341-358},
          doi = {10.1093/mnras/183.3.341},
       adsurl = {https://ui.adsabs.harvard.edu/abs/1978MNRAS.183..341W},
      adsnote = {Provided by the SAO/NASA Astrophysics Data System}
}

@ARTICLE{1987ApJ...319..575B,
       author = {{Barnes}, Joshua and {Efstathiou}, George},
        title = "{Angular Momentum from Tidal Torques}",
      journal = {\apj},
     keywords = {Angular Momentum, Dark Matter, Galactic Clusters, Galactic Evolution, Many Body Problem, Tides, Astronomical Models, Galactic Rotation, White Noise, Astrophysics, GALAXIES: CLUSTERING, GALAXIES: FORMATION, GALAXIES: INTERNAL MOTIONS},
         year = 1987,
        month = aug,
       volume = {319},
        pages = {575},
          doi = {10.1086/165480},
       adsurl = {https://ui.adsabs.harvard.edu/abs/1987ApJ...319..575B},
      adsnote = {Provided by the SAO/NASA Astrophysics Data System}
}

@ARTICLE{1985ApJ...292..371D,
       author = {{Davis}, M. and {Efstathiou}, G. and {Frenk}, C.~S. and {White}, S.~D.~M.},
        title = "{The evolution of large-scale structure in a universe dominated by cold dark matter}",
      journal = {\apj},
     keywords = {Computational Astrophysics, Cosmology, Galactic Clusters, Galactic Evolution, Missing Mass (Astrophysics), Weak Interactions (Field Theory), Astronomical Models, Computerized Simulation, Correlation, Many Body Problem, Mass Distribution, Mass To Light Ratios, Matter (Physics), Radial Velocity, Red Shift, Astrophysics},
         year = 1985,
        month = may,
       volume = {292},
        pages = {371-394},
          doi = {10.1086/163168},
       adsurl = {https://ui.adsabs.harvard.edu/abs/1985ApJ...292..371D},
      adsnote = {Provided by the SAO/NASA Astrophysics Data System}
}

@ARTICLE{2007MNRAS.376..215B,
       author = {{Bett}, Philip and {Eke}, Vincent and {Frenk}, Carlos S. and {Jenkins}, Adrian and {Helly}, John and {Navarro}, Julio},
        title = "{The spin and shape of dark matter haloes in the Millennium simulation of a {\ensuremath{\Lambda}} cold dark matter universe}",
      journal = {\mnras},
     keywords = {methods: N-body simulations, galaxies: haloes, dark matter, Astrophysics},
         year = 2007,
        month = mar,
       volume = {376},
       number = {1},
        pages = {215-232},
          doi = {10.1111/j.1365-2966.2007.11432.x},
archivePrefix = {arXiv},
       eprint = {astro-ph/0608607},
 primaryClass = {astro-ph},
       adsurl = {https://ui.adsabs.harvard.edu/abs/2007MNRAS.376..215B},
      adsnote = {Provided by the SAO/NASA Astrophysics Data System}
}

@ARTICLE{2006ApJ...646..815S,
       author = {{Shaw}, Laurie D. and {Weller}, Jochen and {Ostriker}, Jeremiah P. and {Bode}, Paul},
        title = "{Statistics of Physical Properties of Dark Matter Clusters}",
      journal = {\apj},
     keywords = {Cosmology: Dark Matter, Galaxies: Clusters: General, Methods: n-Body Simulations, Astrophysics},
         year = 2006,
        month = aug,
       volume = {646},
       number = {2},
        pages = {815-833},
          doi = {10.1086/505016},
archivePrefix = {arXiv},
       eprint = {astro-ph/0509856},
 primaryClass = {astro-ph},
       adsurl = {https://ui.adsabs.harvard.edu/abs/2006ApJ...646..815S},
      adsnote = {Provided by the SAO/NASA Astrophysics Data System}
}

@ARTICLE{2012AnP...524..507F,
       author = {{Frenk}, C.~S. and {White}, S.~D.~M.},
        title = "{Dark matter and cosmic structure}",
      journal = {Annalen der Physik},
     keywords = {Astrophysics - Cosmology and Extragalactic Astrophysics, High Energy Physics - Theory},
         year = 2012,
        month = oct,
       volume = {524},
       number = {9-10},
        pages = {507-534},
          doi = {10.1002/andp.201200212},
archivePrefix = {arXiv},
       eprint = {1210.0544},
 primaryClass = {astro-ph.CO},
       adsurl = {https://ui.adsabs.harvard.edu/abs/2012AnP...524..507F},
      adsnote = {Provided by the SAO/NASA Astrophysics Data System}
}

@ARTICLE{2019MNRAS.487..993D,
       author = {{Drakos}, Nicole E. and {Taylor}, James E. and {Berrouet}, Anael and {Robotham}, Aaron S.~G. and {Power}, Chris},
        title = "{Major mergers between dark matter haloes - I. Predictions for size, shape, and spin}",
      journal = {\mnras},
     keywords = {methods: numerical, galaxies: haloes, dark matter, cosmology: theory, Astrophysics - Astrophysics of Galaxies, Astrophysics - Cosmology and Nongalactic Astrophysics},
         year = 2019,
        month = jul,
       volume = {487},
       number = {1},
        pages = {993-1007},
          doi = {10.1093/mnras/stz1306},
archivePrefix = {arXiv},
       eprint = {1811.12839},
 primaryClass = {astro-ph.GA},
       adsurl = {https://ui.adsabs.harvard.edu/abs/2019MNRAS.487..993D},
      adsnote = {Provided by the SAO/NASA Astrophysics Data System}
}

@ARTICLE{2010MNRAS.404.1137B,
       author = {{Bett}, Philip and {Eke}, Vincent and {Frenk}, Carlos S. and {Jenkins}, Adrian and {Okamoto}, Takashi},
        title = "{The angular momentum of cold dark matter haloes with and without baryons}",
      journal = {\mnras},
     keywords = {methods: N-body simulations, galaxies: haloes, dark matter, Astrophysics - Cosmology and Nongalactic Astrophysics},
         year = 2010,
        month = may,
       volume = {404},
       number = {3},
        pages = {1137-1156},
          doi = {10.1111/j.1365-2966.2010.16368.x},
archivePrefix = {arXiv},
       eprint = {0906.2785},
 primaryClass = {astro-ph.CO},
       adsurl = {https://ui.adsabs.harvard.edu/abs/2010MNRAS.404.1137B},
      adsnote = {Provided by the SAO/NASA Astrophysics Data System}
}

@ARTICLE{2010MNRAS.407..435A,
       author = {{Abadi}, Mario G. and {Navarro}, Julio F. and {Fardal}, Mark and {Babul}, Arif and {Steinmetz}, Matthias},
        title = "{Galaxy-induced transformation of dark matter haloes}",
      journal = {\mnras},
     keywords = {Galaxy: disc, Galaxy: formation, Galaxy: kinematics and dynamics, Galaxy: structure, Astrophysics - Astrophysics of Galaxies},
         year = 2010,
        month = sep,
       volume = {407},
       number = {1},
        pages = {435-446},
          doi = {10.1111/j.1365-2966.2010.16912.x},
archivePrefix = {arXiv},
       eprint = {0902.2477},
 primaryClass = {astro-ph.GA},
       adsurl = {https://ui.adsabs.harvard.edu/abs/2010MNRAS.407..435A},
      adsnote = {Provided by the SAO/NASA Astrophysics Data System}
}

@ARTICLE{2019MNRAS.488.4801J,
       author = {{Jiang}, Fangzhou and {Dekel}, Avishai and {Kneller}, Omer and {Lapiner}, Sharon and {Ceverino}, Daniel and {Primack}, Joel R. and {Faber}, Sandra M. and {Macci{\`o}}, Andrea V. and {Dutton}, Aaron A. and {Genel}, Shy and {Somerville}, Rachel S.},
        title = "{Is the dark-matter halo spin a predictor of galaxy spin and size?}",
      journal = {\mnras},
     keywords = {galaxies: evolution, galaxies: formation, galaxies: haloes, dark matter, Astrophysics - Astrophysics of Galaxies, Astrophysics - Cosmology and Nongalactic Astrophysics},
         year = 2019,
        month = oct,
       volume = {488},
       number = {4},
        pages = {4801-4815},
          doi = {10.1093/mnras/stz1952},
archivePrefix = {arXiv},
       eprint = {1804.07306},
 primaryClass = {astro-ph.GA},
       adsurl = {https://ui.adsabs.harvard.edu/abs/2019MNRAS.488.4801J},
      adsnote = {Provided by the SAO/NASA Astrophysics Data System}
}

@article{Aceves:2005gw,
    author = "Aceves, Hector and Velazquez, Hector",
    title = "{Preservation of cuspy profiles in disk galaxy mergers}",
    eprint = "astro-ph/0506290",
    archivePrefix = "arXiv",
    journal = "Rev. Mex. Astron. Astrofis.",
    volume = "42",
    pages = "41",
    year = "2006"
}

@techreport{tinsley1977evolution,
  title={Evolution of galaxies and stellar populations.[Yale Univ., May 19--21, 1977]},
  author={Tinsley, Beatrice M and Larson, Richard B},
  year={1977},
  institution={Yale University Observatory, New Haven, CT}
}

@ARTICLE{1992ApJ...393..484B,
       author = {{Barnes}, Joshua E.},
        title = "{Transformations of Galaxies. I. Mergers of Equal-Mass Stellar Disks}",
      journal = {\apj},
     keywords = {Disk Galaxies, Elliptical Galaxies, Galactic Evolution, Galactic Mass, Interacting Galaxies, Digital Simulation, Gas Dynamics, Astrophysics, GALAXIES: FORMATION, GALAXIES: INTERACTIONS, GALAXIES: KINEMATICS AND DYNAMICS, METHODS: NUMERICAL, VIDEOTAPES},
         year = 1992,
        month = jul,
       volume = {393},
        pages = {484},
          doi = {10.1086/171522},
       adsurl = {https://ui.adsabs.harvard.edu/abs/1992ApJ...393..484B},
      adsnote = {Provided by the SAO/NASA Astrophysics Data System}
}

@ARTICLE{1980MNRAS.193..189F,
       author = {{Fall}, S.~M. and {Efstathiou}, G.},
        title = "{Formation and rotation of disc galaxies with haloes.}",
      journal = {\mnras},
     keywords = {Disk Galaxies, Galactic Evolution, Galactic Rotation, Galactic Structure, Halos, Angular Momentum, Astronomical Models, Interstellar Gas, Mass Ratios, Astrophysics},
         year = 1980,
        month = oct,
       volume = {193},
        pages = {189-206},
          doi = {10.1093/mnras/193.2.189},
       adsurl = {https://ui.adsabs.harvard.edu/abs/1980MNRAS.193..189F},
      adsnote = {Provided by the SAO/NASA Astrophysics Data System}
}

@article{Bullock:2000ry,
    author = "Bullock, James S. and Dekel, Avishai and Kolatt, Tsafrir S. and Kravtsov, Andrey V. and Klypin, Anatoly A. and Porciani, Cristiano and Primack, Joel R.",
    title = "{A Universal angular momentum profile for galactic halos}",
    eprint = "astro-ph/0011001",
    archivePrefix = "arXiv",
    doi = "10.1086/321477",
    journal = "Astrophys. J.",
    volume = "555",
    pages = "240--257",
    year = "2001"
}

@ARTICLE{2017MNRAS.467.3083R,
       author = {{Rodriguez-Gomez}, Vicente and {Sales}, Laura V. and {Genel}, Shy and {Pillepich}, Annalisa and {Zjupa}, Jolanta and {Nelson}, Dylan and {Griffen}, Brendan and {Torrey}, Paul and {Snyder}, Gregory F. and {Vogelsberger}, Mark and {Springel}, Volker and {Ma}, Chung-Pei and {Hernquist}, Lars},
        title = "{The role of mergers and halo spin in shaping galaxy morphology}",
      journal = {\mnras},
     keywords = {methods: numerical, galaxies: formation, galaxies: haloes, galaxies: interactions, galaxies: kinematics and dynamics, galaxies: structure, Astrophysics - Astrophysics of Galaxies, Astrophysics - Cosmology and Nongalactic Astrophysics},
         year = 2017,
        month = may,
       volume = {467},
       number = {3},
        pages = {3083-3098},
          doi = {10.1093/mnras/stx305},
archivePrefix = {arXiv},
       eprint = {1609.09498},
 primaryClass = {astro-ph.GA},
       adsurl = {https://ui.adsabs.harvard.edu/abs/2017MNRAS.467.3083R},
      adsnote = {Provided by the SAO/NASA Astrophysics Data System}
}

